<?xml version="1.0" encoding="UTF-8"?><collection xmlns="http://www.loc.gov/MARC21/slim"><record><leader>00531nam--2200145-i-4500</leader><controlfield tag="001">000043896</controlfield><controlfield tag="002">20161230</controlfield><controlfield tag="005">20161230201044</controlfield><controlfield tag="008">060222s1000------------r-----000-0-eng-d</controlfield><datafield ind1=" " ind2=" " tag="080"><subfield code="a">681.:621,391</subfield></datafield><datafield ind1=" " ind2=" " tag="100"><subfield code="a">Davies, D.W. Barber, D.L.A. /S.A.</subfield></datafield><datafield ind1=" " ind2=" " tag="245"><subfield code="a">Teleinformatica. retele de calculatoare si protocoalele lor. traducere din limba engleza dupa editia 1981 cu o prefata a autorilor</subfield></datafield><datafield ind1=" " ind2=" " tag="260"><subfield code="a">Bucuresti, Editura Tehnica, 1983, 504p</subfield></datafield><datafield ind1=" " ind2=" " tag="490"><subfield code="a">Biblioteca De Automatica, Informatica, Electronica, Management</subfield></datafield><datafield ind1=" " ind2=" " tag="852"><subfield code="a">71283</subfield></datafield></record></collection>